<record><leader>00000cas a2200000 a 4500</leader><controlfield tag="001">36424830</controlfield><controlfield tag="008">970221d19641970miuwr n       0    0eng c</controlfield><datafield ind1=" " ind2=" " tag="010"><subfield code="a">sn 97063227 </subfield></datafield><datafield ind1=" " ind2=" " tag="040"><subfield code="a">MHN</subfield><subfield code="b">eng</subfield><subfield code="c">MHN</subfield><subfield code="d">OCL</subfield><subfield code="d">OCLCQ</subfield><subfield code="d">OCLCF</subfield><subfield code="d">OCLCO</subfield></datafield><datafield ind1="1" ind2=" " tag="029"><subfield code="a">AU@</subfield><subfield code="b">000013092719</subfield></datafield><datafield ind1=" " ind2=" " tag="042"><subfield code="a">pcc</subfield></datafield><datafield ind1=" " ind2=" " tag="043"><subfield code="a">n-us-mi</subfield></datafield><datafield ind1="0" ind2="4" tag="245"><subfield code="a">The Whitehall forum and the White Laker.</subfield></datafield><datafield ind1=" " ind2=" " tag="260"><subfield code="a">Whitehall, Mich. :</subfield><subfield code="b">Louis J. Berman</subfield></datafield><datafield ind1=" " ind2=" " tag="300"><subfield code="a">v.</subfield></datafield><datafield ind1=" " ind2=" " tag="310"><subfield code="a">Weekly</subfield></datafield><datafield ind1="0" ind2=" " tag="362"><subfield code="a">[Yr.], WL ser. 1, no. 1 (May 7, 1964)-100th yr., WL v. 7, no. 4 (Mar. 5, 1970).</subfield></datafield><datafield ind1=" " ind2=" " tag="500"><subfield code="a">Includes: V.I.P., published by students of Whitehall High School, with the cooperation of the White Laker.</subfield></datafield><datafield ind1=" " ind2="0" tag="651"><subfield code="a">Whitehall (Mich.)</subfield><subfield code="v">Newspapers.</subfield></datafield><datafield ind1=" " ind2="0" tag="651"><subfield code="a">Muskegon County (Mich.)</subfield><subfield code="v">Newspapers.</subfield></datafield><datafield ind1=" " ind2="7" tag="655"><subfield code="a">Newspapers.</subfield><subfield code="2">fast</subfield><subfield code="0">(OCoLC)fst01423814</subfield></datafield><datafield ind1=" " ind2="7" tag="651"><subfield code="a">Michigan</subfield><subfield code="z">Muskegon County.</subfield><subfield code="2">fast</subfield><subfield code="0">(OCoLC)fst01210800</subfield></datafield><datafield ind1=" " ind2="7" tag="651"><subfield code="a">Michigan</subfield><subfield code="z">Whitehall.</subfield><subfield code="2">fast</subfield><subfield code="0">(OCoLC)fst01232989</subfield></datafield><datafield ind1=" " ind2=" " tag="752"><subfield code="a">United States</subfield><subfield code="b">Michigan</subfield><subfield code="c">Muskegon</subfield><subfield code="d">Whitehall.</subfield></datafield><datafield ind1="0" ind2="0" tag="780"><subfield code="t">Whitehall forum</subfield><subfield code="w">(DLC)sn 85033823</subfield><subfield code="w">(OCoLC)12277366</subfield></datafield><datafield ind1="0" ind2="0" tag="785"><subfield code="t">White Laker and Northshore interurban</subfield><subfield code="w">(DLC)sn 97063228</subfield><subfield code="w">(OCoLC)36424874</subfield></datafield></record>